<record><leader>00000cas a22000007a 4500</leader><controlfield tag="001">11655857</controlfield><controlfield tag="008">850204d18621862nyudn ne      0    0eng d</controlfield><datafield ind1=" " ind2=" " tag="010"><subfield code="a">sn 85054122 </subfield></datafield><datafield ind1=" " ind2=" " tag="040"><subfield code="a">NYG</subfield><subfield code="b">eng</subfield><subfield code="c">NYG</subfield><subfield code="d">NPX</subfield><subfield code="d">NYS</subfield><subfield code="d">OCL</subfield><subfield code="d">OCLCG</subfield><subfield code="d">OCLCQ</subfield><subfield code="d">OCLCF</subfield><subfield code="d">OCLCO</subfield></datafield><datafield ind1="1" ind2=" " tag="029"><subfield code="a">AU@</subfield><subfield code="b">000020235487</subfield></datafield><datafield ind1=" " ind2=" " tag="042"><subfield code="a">msc</subfield></datafield><datafield ind1=" " ind2=" " tag="043"><subfield code="a">n-us-ny</subfield></datafield><datafield ind1="0" ind2="0" tag="245"><subfield code="a">Daily news and reformer.</subfield></datafield><datafield ind1="1" ind2="3" tag="246"><subfield code="a">Daily news &amp; reformer</subfield></datafield><datafield ind1=" " ind2=" " tag="260"><subfield code="a">Watertown, N.Y. :</subfield><subfield code="b">L. Ingalls and B. Brockway,</subfield><subfield code="c">1862.</subfield></datafield><datafield ind1=" " ind2=" " tag="300"><subfield code="a">2 v. ;</subfield><subfield code="c">56 cm.</subfield></datafield><datafield ind1=" " ind2=" " tag="310"><subfield code="a">Daily (except Sunday)</subfield></datafield><datafield ind1="0" ind2=" " tag="362"><subfield code="a">Vol. 1, no. 4 (Jan. 20, 1862)-v. 2, no. 273 (Dec. 3, 1862).</subfield></datafield><datafield ind1=" " ind2=" " tag="580"><subfield code="a">Weekly ed.: New York reformer (Watertown, N.Y.).</subfield></datafield><datafield ind1=" " ind2="0" tag="651"><subfield code="a">Watertown (N.Y.)</subfield><subfield code="v">Newspapers.</subfield></datafield><datafield ind1=" " ind2="0" tag="651"><subfield code="a">Jefferson County (N.Y.)</subfield><subfield code="v">Newspapers.</subfield></datafield><datafield ind1=" " ind2="7" tag="655"><subfield code="a">Newspapers.</subfield><subfield code="2">fast</subfield><subfield code="0">(OCoLC)fst01423814</subfield></datafield><datafield ind1=" " ind2="7" tag="651"><subfield code="a">New York (State)</subfield><subfield code="z">Jefferson County.</subfield><subfield code="2">fast</subfield><subfield code="0">(OCoLC)fst01209430</subfield></datafield><datafield ind1=" " ind2="7" tag="651"><subfield code="a">New York (State)</subfield><subfield code="z">Watertown.</subfield><subfield code="2">fast</subfield><subfield code="0">(OCoLC)fst01221269</subfield></datafield><datafield ind1="1" ind2=" " tag="700"><subfield code="a">Brockway, Beman,</subfield><subfield code="d">1815-1892.</subfield></datafield><datafield ind1=" " ind2=" " tag="752"><subfield code="a">United States</subfield><subfield code="b">New York</subfield><subfield code="c">Jefferson</subfield><subfield code="d">Watertown.</subfield></datafield><datafield ind1="1" ind2=" " tag="775"><subfield code="t">New York reformer (Watertown, N.Y.)</subfield><subfield code="w">(DLC)sn 83031930</subfield></datafield><datafield ind1="0" ind2="4" tag="780"><subfield code="t">Watertown daily news</subfield><subfield code="w">(DLC)sn 94057722</subfield><subfield code="w">(OCoLC)29975975</subfield></datafield><datafield ind1="0" ind2="4" tag="780"><subfield code="t">New-York daily reformer (Watertown, N.Y. : 1861)</subfield><subfield code="w">(DLC)sn 85054123</subfield></datafield><datafield ind1="0" ind2="0" tag="785"><subfield code="t">New-York daily reformer (Watertown, N.Y. : 1862)</subfield><subfield code="w">(DLC)sn 84035898</subfield><subfield code="w">(OCoLC)11485713</subfield></datafield></record>